@article {firstbib,
  author = "J. E. Matrix",
  title = "The secrest of longevity",
  journal = "Tips and routines to healthy life",
  year = "1977",
  volume = "1",
  number = "2",
  pages = "150 - 177",
  }
